@book{book,
  author = {N. Cesa-Bianchi and G. Lugosi},
  title = {Prediction, Learning, and Games},
  year = {2006},
  url = {https://ii.uni.wroc.pl/~lukstafi/pmwiki/uploads/AGT/Prediction_Learning_and_Games.pdf}
}

@book{ebook,
  author = {R. J. Hyndman and G. Athanasopoulos},
  title = {Forecasting: Principles and Practice},
  publisher = {OTexts: Melbourne, Australia},
  year = {2018},
  edition = {2},
  url = {https://otexts.com/fpp2/}
}

@book{vvbook,
  author = {V. V'yugin},
  title = {Matematicheskie osnovy mashinnogo obucheniya i prognozirovaniya [Mathematical Foundations of Machine Learning and Forecasting]},
  year = {2022},
  url = {http://iitp.ru/upload/publications/6256/vyugin1.pdf}
}

@article{article,
  author = {V. V'yugin and V. Trunov},
  title = {Prognozirovanie lokal'no statsionarnykh dannykh s ispol'zovaniem predskazanii ekspertnykh strategiy [Prediction of Locally Stationary Data Using Prediction with Expert Advice]},
  year = {2023},
  url = {http://www.jip.ru/2023/470-487-2023.pdf}
}

@article{article98,
  author = {M. Herbster and M. Warmuth},
  title = {Tracking the best expert},
  year = {1998},
  url = {https://link.springer.com/content/pdf/10.1023/A:1007424614876.pdf}
}

@article{article02,
  author = {O. Bousquet and M. Warmuth},
  title = {Tracking a small set of experts by mixing past posteriors},
  year = {2002},
  url = {https://www.jmlr.org/papers/volume3/bousquet02b/bousquet02b.pdf}
}
